@book{tanenbaum2008modern,
	title = {Modern operating systems},
	author = {Tanenbaum, Andrew S and Bos, Herbert},
	year = {2008},
	publisher = {Pearson Education, Inc},
	edition = {4th},
	address = {New Jersey, USA},
	isbn = {0-13-359162-X},
	isbn13 = {978-0-13-259162-0},
}

@book{estero2009sistemas,
	title = {Sistemas operativos. conceptos fundamentales},
	author = {Estero Botaro, Antonia and Dom{\'\i}nguez Jim{\'e}nez, Juan Jos{\'
	          e} and others},
	year = {2009},
	publisher = {Servicio de Publicaciones de la Universidad de C{\'a}diz},
	isbn = {978-84-7786-716-6},
}
