@book{tanenbaum2008modern,
	title={Modern operating systems},
	author={Tanenbaum, Andrew S and Bos, Herbert},
	year={2008},
	publisher={Pearson Education, Inc},
	edition={4th},
	address={New Jersey, USA},
	isbn={0-13-359162-X},
	isbn13={978-0-13-259162-0},
}

@book{stallings2011operating,
	title={Operating systems: internals and design principles},
	author={Stallings, William},
	year={2011},
	publisher={Prentice Hall Press},
	edition={7th},
	address={New Jersey, USA},
	isbn={948-0-13-230998-1},
	isbn13={0-13-230998-X},
}

@book{estero2009sistemas,
	title={Sistemas operativos. conceptos fundamentales},
	author={Estero Botaro, Antonia and Dom{\'\i}nguez Jim{\'e}nez, Juan Jos{\'e} and others},
	year={2009},
	publisher={Servicio de Publicaciones de la Universidad de C{\'a}diz},
	isbn={978-84-7786-716-6},
}
