@misc{felix2020ms,
	title={Regresi√≥n Lineal - Python - Gradiente Descendente},
	year={2022},
	author={Romero, Christian},
	howpublished={\url{https://www.youtube.com/watch?v=_EBGNKg3o_4}},
	note={Consultado el 20 de marzo de 2024},
}
