@book{tanenbaum2008modern,
	title = {Modern operating systems},
	author = {Tanenbaum, Andrew S and Bos, Herbert},
	year = {2008},
	publisher = {Pearson Education, Inc},
	edition = {4th},
	address = {New Jersey, USA},
	isbn = {0-13-359162-X},
	isbn13 = {978-0-13-259162-0},
}

@misc{geeks,
	title = {Cryptography and its Types},
	author = {GeeksforGeeks},
	howpublished = {\url{
	                https://www.geeksforgeeks.org/cryptography-and-its-types}},
	year = {2024},
	month = {abril},
	day = {26},
	note = {Consultado el 09 de mayo de 2024},
}

@misc{ayudaley,
	title = {Esteganografía. Definición, técnicas y usos frecuentes},
	author = {ayudaley},
	howpublished = {\url{
	                https://ayudaleyprotecciondatos.es/2021/03/17/esteganografia/#Tecnicas_esteganograficas
	                }},
	year = {s. f.},
	note = {Consultado el 09 de mayo de 2024},
}

@misc{techtarget,
	title = {steganography},
	author = {Semilof, Margie},
	howpublished = {\url{
	                https://www.geeksforgeeks.org/cryptography-and-its-types}},
	year = {2023},
	month = {september},
	note = {Consultado el 09 de mayo de 2024},
}
