@book{tanenbaum2008modern,
	title={Modern operating systems},
	author={Tanenbaum, Andrew S and Bos, Herbert},
	year={2008},
	publisher={Pearson Education, Inc},
	edition={4th},
	address={New Jersey, USA},
	isbn={0-13-359162-X},
	isbn13={978-0-13-259162-0},
}

@book{stallings2011operating,
	title={Operating systems: internals and design principles},
	author={Stallings, William},
	year={2011},
	publisher={Prentice Hall Press},
	edition={7th},
	address={New Jersey, USA},
	isbn={948-0-13-230998-1},
	isbn13={0-13-230998-X},
}

@misc{andres2012posix,
	title={Hilos POSIX},
	author={Mondragón, Andrés},
	year={2012},
	month={jun},
	howpublished={\url{http://lcomp89.fi-b.unam.mx/licad/assets/ProgramacionConMultitareas/PracticaHilosPOSIX.pdf}},
	note={Consultado el 03 de marzo de 2024},
}

@misc{intel2006hilos,
	title={Hilos},
	author={Silberschatz Galvin},
	year={2006},
	howpublished={\url{https://www.calameo.com/read/00277898090bf554b186f}},
	note={Consultado el 03 de marzo de 2024},
}
