@misc{felix2020ms,
	title={Merge Sort In Python Explained (With Example And Code)},
	year={2020},
	author={FelixTechTips},
	howpublished={\url{https://www.youtube.com/watch?v=cVZMah9}},
	note={Consultado el 07 de marzo de 2024},
}
