@misc{mit2015ocw,
	title={2. Divide \& Conquer: Convex Hull, Median Finding},
	year={2015},
	author={MIT OpenCourseWare},
	howpublished={\url{https://www.youtube.com/watch?v=EzeYI7p9MjU\&t=3687s}},
	note={Consultado el 29 de febrero de 2024},
}
