@book{tanenbaum2008modern,
	title={On sums of subsets of a set of integers.},
	author={N. Alon and G. Freimant},
	year={1988},
	month={december},
	publisher={Combinatorica},
	edition={8th},
	pages={297-306},
}


